<?xml version="1.0" encoding="UTF-8"?><record xmlns="http://www.loc.gov/MARC21/slim" xmlns:cinclude="http://apache.org/cocoon/include/1.0" xmlns:zs="http://www.loc.gov/zing/srw/">
  <leader>00552cz  a2200157n  4500</leader>
  <controlfield tag="001">n  87810583 </controlfield>
  <controlfield tag="003">DLC</controlfield>
  <controlfield tag="005">20020126072749.0</controlfield>
  <controlfield tag="008">870224n| acannaabn          |n aaa      </controlfield>
  <datafield tag="010" ind1=" " ind2=" ">
    <subfield code="a">n  87810583 </subfield>
  </datafield>
  <datafield tag="035" ind1=" " ind2=" ">
    <subfield code="a">(OCoLC)oca01795516</subfield>
  </datafield>
  <datafield tag="040" ind1=" " ind2=" ">
    <subfield code="a">DLC</subfield>
    <subfield code="b">eng</subfield>
    <subfield code="c">DLC</subfield>
    <subfield code="d">DLC</subfield>
    <subfield code="d">OCoLC</subfield>
  </datafield>
  <datafield tag="053" ind1=" " ind2="0">
    <subfield code="a">PS3552.O87324</subfield>
  </datafield>
  <datafield tag="100" ind1="1" ind2=" ">
    <subfield code="a">Bowers, Terrell L.</subfield>
  </datafield>
  <datafield tag="670" ind1=" " ind2=" ">
    <subfield code="a">nuc87-14164: Author's The devil's badge, c1983</subfield>
    <subfield code="b">(hdg. on NN rept.: Bowers, Terrell L.; usage: Terrell L. Bowers)</subfield>
  </datafield>
  <datafield tag="670" ind1=" " ind2=" ">
    <subfield code="a">His The secret of Snake Canyon, 1993:</subfield>
    <subfield code="b">CIP t.p. (Terrell L. Bowers) galley (b. 7-9-45)</subfield>
  </datafield>
</record>